@inCollection{Buchi62,
   author =     {B{\"u}chi, J. Richard},
   title =      {On a decision method in restricted second order arithmetic},
   booktitle =  {Logic, Methodology and Philosophy of Science (Proc. 1960 
                 Internat. Congr .)},
   pages =      {1--11},
   publisher =  {Stanford Univ. Press},
   address =    {Stanford, Calif.},
   year =       1962,
   mrclass =    {02.54},
   mrnumber =   {32 \#1116},
   mrreviewer = {R. M. Baer},
}

@inproceedings{Pnueli77,
    author = {Pnueli, Amir},
    title = {The Temporal Logic of Programs},
    booktitle = {Proceedings of the 18th Annual Symposium on Foundations of Computer Science},
    series = {SFCS '77},
    year = {1977},
    pages = {46--57},
    numpages = {12},
    url = {http://dx.doi.org/10.1109/SFCS.1977.32},
    doi = {10.1109/SFCS.1977.32},
    acmid = {1382534},
    publisher = {IEEE Computer Society},
    address = {Washington, DC, USA},
} 

@inproceedings{Clarke81,
    author    = {Edmund M. Clarke and E. Allen Emerson},
    title     = {Design and Synthesis of Synchronization Skeletons Using Branching-Time
               Temporal Logic},
    booktitle = {Logics of Programs},
    pages     = {52--71},
    year      = {1981},
    url       = {http://dx.doi.org/10.1007/BFb0025774},
    doi       = {10.1007/BFb0025774},
    timestamp = {Fri, 10 Jun 2011 14:41:11 +0200},
    biburl    = {http://dblp.uni-trier.de/rec/bib/conf/lop/ClarkeE81},
    bibsource = {dblp computer science bibliography, http://dblp.org}
}

@inproceedings{Palix11,
    author = {Palix, Nicolas and Thomas, Ga\"{e}l and Saha, Suman and Calv\`{e}s, Christophe and Lawall, Julia and Muller, Gilles},
    title = {Faults in Linux: Ten Years Later},
    booktitle = {Proceedings of the Sixteenth International Conference on Architectural Support for Programming Languages and Operating Systems},
    series = {ASPLOS XVI},
    year = {2011},
    isbn = {978-1-4503-0266-1},
    location = {Newport Beach, California, USA},
    pages = {305--318},
    numpages = {14},
    url = {http://doi.acm.org/10.1145/1950365.1950401},
    doi = {10.1145/1950365.1950401},
    acmid = {1950401},
    publisher = {ACM},
    address = {New York, NY, USA},
    keywords = {fault-finding tools, linux},
} 

